<record xmlns="http://www.loc.gov/MARC21/slim" xmlns:xsi="http://www.w3.org/2001/XMLSchema-instance" xsi:schemaLocation="http://www.loc.gov/MARC21/slim http://www.loc.gov/standards/marcxml/schema/MARC21slim.xsd"><leader>02084nam a2200433   4500</leader><controlfield tag="001">002814463</controlfield><controlfield tag="003">NNU</controlfield><controlfield tag="006">m        d        </controlfield><controlfield tag="007">cr cn |||m|||a</controlfield><controlfield tag="008">150222s1931    ua      o     000 0 ara d</controlfield><datafield ind1=" " ind2=" " tag="040"><subfield code="a">NNU</subfield><subfield code="b">eng</subfield><subfield code="e">rda</subfield><subfield code="c">NNU</subfield></datafield><datafield ind1=" " ind2="4" tag="050"><subfield code="a">PJ7696</subfield><subfield code="b">.J5</subfield></datafield><datafield ind1="1" ind2=" " tag="100"><subfield code="6">880-01</subfield><subfield code="a">Jira&#772;n al-&#699;Awd al-Numayri&#772;, &#699;A&#772;mir ibn al-H&#803;a&#772;rith.</subfield></datafield><datafield ind1="1" ind2="0" tag="240"><subfield code="6">880-02</subfield><subfield code="a">Poems</subfield></datafield><datafield ind1="1" ind2="0" tag="245"><subfield code="6">880-03</subfield><subfield code="a">Di&#772;wa&#772;n Jira&#772;n al-&#699;Awd al-Numayri&#772; /</subfield><subfield code="c">riwa&#772;yat Abi&#772; Sa&#699;i&#772;d al-Sukkari&#772;.</subfield></datafield><datafield ind1="1" ind2="7" tag="246"><subfield code="6">880-04</subfield><subfield code="a">Jira&#772;n al-&#699;Awd</subfield></datafield><datafield ind1=" " ind2=" " tag="250"><subfield code="6">880-05</subfield><subfield code="a">al-T&#803;ab&#699;ah 1.</subfield></datafield><datafield ind1=" " ind2=" " tag="260"><subfield code="6">880-06</subfield><subfield code="a">al-Qa&#772;hirah :</subfield><subfield code="b">Da&#772;r al-Kutub al-Mis&#803;ri&#772;yah,</subfield><subfield code="c">1931.</subfield></datafield><datafield ind1=" " ind2=" " tag="300"><subfield code="a">online resource (4, 60 pages)</subfield></datafield><datafield ind1=" " ind2=" " tag="336"><subfield code="a">text</subfield><subfield code="2">rdacontent</subfield></datafield><datafield ind1=" " ind2=" " tag="337"><subfield code="a">computer</subfield><subfield code="2">rdamedia</subfield></datafield><datafield ind1=" " ind2=" " tag="338"><subfield code="a">online resource</subfield><subfield code="2">rdacarrier</subfield></datafield><datafield ind1=" " ind2=" " tag="500"><subfield code="a">At head of title: Da&#772;r al-Kutub al-Mis&#803;ri&#772;yah, al-Qism al-Adabi&#772;.</subfield></datafield><datafield ind1=" " ind2=" " tag="500"><subfield code="a">Part of the Arabic Collections Online (ACO) project, contributed by New York Univeristy Libraries.</subfield></datafield><datafield ind1=" " ind2=" " tag="533"><subfield code="a">Electronic reproduction.</subfield><subfield code="b">New York, N.Y. :</subfield><subfield code="c">New York University,</subfield><subfield code="d">2015.</subfield><subfield code="5">NNU</subfield></datafield><datafield ind1="1" ind2=" " tag="700"><subfield code="6">880-07</subfield><subfield code="a">Sukkari&#772;, Abu&#772; Sa&#699;i&#772;d al-H&#803;asan ibn al-H&#803;usayn,</subfield><subfield code="d">827 or 828-888 or 889.</subfield></datafield><datafield ind1="2" ind2=" " tag="710"><subfield code="a">New York University.</subfield><subfield code="b">Libraries.</subfield></datafield><datafield ind1="0" ind2=" " tag="730"><subfield code="a">Arabic Collections Online.</subfield></datafield><datafield ind1="0" ind2="8" tag="776"><subfield code="i">Print version:</subfield><subfield code="a">Jira&#772;n al-&#699;Awd al-Numayri&#772;, &#699;A&#772;mir ibn al-H&#803;a&#772;rith.</subfield><subfield code="t">Di&#772;wa&#772;n Jira&#772;n al-&#699;Awd al-Numayri&#772;</subfield><subfield code="w">(NNU)002814463</subfield></datafield><datafield ind1="4" ind2="0" tag="856"><subfield code="u">http://hdl.handle.net/2333.1/12jm65p6</subfield></datafield><datafield ind1="1" ind2=" " tag="880"><subfield code="6">100-01/</subfield><subfield code="a">&#1580;&#1585;&#1575;&#1606; &#1575;&#1604;&#1593;&#1608;&#1583; &#1575;&#1604;&#1606;&#1605;&#1610;&#1585;&#1610;&#1548; &#1593;&#1575;&#1605;&#1585; &#1576;&#1606; &#1575;&#1604;&#1581;&#1575;&#1585;&#1579;.</subfield></datafield><datafield ind1="1" ind2="0" tag="880"><subfield code="6">240-02/</subfield><subfield code="a">&#1588;&#1593;&#1585;</subfield></datafield><datafield ind1="1" ind2="0" tag="880"><subfield code="6">245-03/</subfield><subfield code="a">&#1583;&#1610;&#1608;&#1575;&#1606; &#1580;&#1585;&#1575;&#1606; &#1575;&#1604;&#1593;&#1608;&#1583; &#1575;&#1604;&#1606;&#1605;&#1610;&#1585;&#1610; /</subfield><subfield code="c">&#1585;&#1608;&#1575;&#1610;&#1577; &#1571;&#1576;&#1610; &#1587;&#1593;&#1610;&#1583; &#1575;&#1604;&#1587;&#1603;&#1585;&#1610;.</subfield></datafield><datafield ind1="1" ind2="7" tag="880"><subfield code="6">246-04/</subfield><subfield code="a">&#1580;&#1585;&#1575;&#1606; &#1575;&#1604;&#1593;&#1608;&#1583;</subfield></datafield><datafield ind1=" " ind2=" " tag="880"><subfield code="6">250-05/</subfield><subfield code="a">&#1575;&#1604;&#1591;&#1576;&#1593;&#1577; 1.</subfield></datafield><datafield ind1=" " ind2=" " tag="880"><subfield code="6">260-06/</subfield><subfield code="a">&#1575;&#1604;&#1602;&#1575;&#1607;&#1585;&#1577; :</subfield><subfield code="b">&#1583;&#1575;&#1585; &#1575;&#1604;&#1603;&#1578;&#1576; &#1575;&#1604;&#1605;&#1589;&#1585;&#1610;&#1577;&#1548;</subfield><subfield code="c">1931.</subfield></datafield><datafield ind1="1" ind2=" " tag="880"><subfield code="6">700-07/</subfield><subfield code="a">&#1587;&#1603;&#1585;&#1610;&#1548; &#1571;&#1576;&#1608; &#1587;&#1593;&#1610;&#1583; &#1575;&#1604;&#1581;&#1587;&#1606; &#1576;&#1606; &#1575;&#1604;&#1581;&#1587;&#1610;&#1606;&#1548;,</subfield><subfield code="d">827 &#1571;&#1608; 8-888 &#1571;&#1608; 9.</subfield></datafield><datafield ind1=" " ind2=" " tag="959"><subfield code="a">NNU</subfield><subfield code="b">WEB</subfield><subfield code="c">GENI</subfield><subfield code="t">0</subfield><subfield code="m">Electronic access</subfield><subfield code="s">01</subfield></datafield><datafield ind1=" " ind2=" " tag="999"><subfield code="i">NNU_002814463</subfield><subfield code="s">nyu_aco000318</subfield></datafield></record>